@MISC{facebook2013keyword,
    author = {Facebook},
    title = {Facebook Recruiting III - Keyword Extraction},
    howpublished = {https://www.kaggle.com/c/facebook-recruiting-iii-keyword-extraction},
    year = {2013}
}

@MISC{stackoverflow2013site,
    author = {StackExchange},
    title = {Stack Overflow},
    howpublished = {http://stackoverflow.com},
    year = {2013}
}

@MISC{stackexchange2013site,
    author = {StackExchange},
    title = {Stack Exchange - Free, Community-Powered Q \& A},
    howpublished = {http://stackexchange.com},
    year = {2013}
}

@MISC{facebook2013site,
    author = {Facebook},
    title = {Facebook},
    howpublished = {http://www.facebook.com},
    year = {2013}
}

@MISC{kaggle2013site,
    author = {Kaggle},
    title = {Kaggle: Go from Big Data to Big Analytics},
    howpublished = {http://https://www.kaggle.com},
    year = {2013}
}

@book{feldman2007text,
    title={The text mining handbook: advanced approaches in analyzing unstructured data},
    author={Feldman, Ronen and Sanger, James},
    year={2007},
    publisher={Cambridge University Press}
}

@inproceedings{silva2003importance,
    title={The importance of stop word removal on recall values in text categorization},
    author={Silva, Catarina and Ribeiro, Bernardete},
    booktitle={Neural Networks, 2003. Proceedings of the International Joint Conference on},
    volume={3},
    pages={1661--1666},
    year={2003},
    organization={IEEE}
}

@MISC{ss642013tr,
    author = {SS64},
    title = {tr Man Page},
    howpublished = {http://ss64.com/bash/tr.html},
    year = {2013}
}

@article{aizawa2003information,
    title={An information-theoretic perspective of tf--idf measures},
    author={Aizawa, Akiko},
    journal={Information Processing \& Management},
    volume={40},
    number={1},
    pages={45--65},
    year={2003},
    publisher={Elsevier}
}
